@MISC{Dyer95,
    author = {Martin Dyer and Alan Frieze and Ravi Kannan},
    title = {A Random Polynomial Time Algorithm For Approximating The Volume Of Convex Bodies},
    year = {1995}
}

@article {Kannan97,
 author = {Kannan, Ravi and Lov\'{a}sz, L\'{a}szl\'{o} and Simonovits, Mikl\'{o}s},
 title = {Random walks and an {O}*(n5) volume algorithm for convex bodies},
 journal = {Random Structures \& Algorithms},
 volume = {11},
 number = {1},
 publisher = {Wiley Subscription Services, Inc., A Wiley Company},
 issn = {1098-2418},
 url = {http://dx.doi.org/10.1002/(SICI)1098-2418(199708)11:1<1::AID-RSA1>3.0.CO;2-X},
 doi = {10.1002/(SICI)1098-2418(199708)11:1<1::AID-RSA1>3.0.CO;2-X},
 pages = {1--50},
 year = {1997},
}

@inproceedings{Lovasz03,
 author = {Lov\'{a}sz, L\'{a}szl\'{o} and Vempala, Santosh},
 title = {Simulated Annealing in Convex Bodies and an {O}*(n4) Volume Algorithm},
 booktitle = {Proceedings of the 44th Annual IEEE Symposium on Foundations of Computer Science},
 series = {FOCS '03},
 year = {2003},
 isbn = {0-7695-2040-5},
 pages = {650--},
 url = {http://dl.acm.org/citation.cfm?id=946243.946334},
 acmid = {946334},
 publisher = {IEEE Computer Society},
 address = {Washington, DC, USA},
}

@article{Dyer88,
 author = {Dyer, M. E. and Frieze, A. M.},
 title = {On the complexity of computing the volume of a polyhedron},
 journal = {SIAM J. Comput.},
 issue_date = {October 1988},
 volume = {17},
 number = {5},
 month = oct,
 year = {1988},
 issn = {0097-5397},
 pages = {967--974},
 numpages = {8},
 url = {http://dx.doi.org/10.1137/0217060},
 doi = {10.1137/0217060},
 acmid = {65094},
 publisher = {Society for Industrial and Applied Mathematics},
 address = {Philadelphia, PA, USA},
}

@article{Wendel62,
 author = {Wendel, J. G.},
 title = {A Problem in Geometric Probability},
 journal = {Math. Scand},
 volume = {11},
 year = {1962},
 pages = {109--112},
}

@misc{mathworld_picking,
    author   = {Weisstein, Eric W.},
    title    = {Hypersphere Point Picking. \emph{From MathWorld---A Wolfram Web Resource}},
    url      = {\url{http://mathworld.wolfram.com/HyperspherePointPicking.html}},
    note     = {Last visited on 12/09/2013},
}

@misc{mathworld_ball,
    author   = {Weisstein, Eric W.},
    title    = {Ball. \emph{From MathWorld---A Wolfram Web Resource}},
    url      = {\url{http://mathworld.wolfram.com/Ball.html}},
    note     = {Last visited on 12/09/2013},
}

@misc{mathworld_sphere,
    author   = {Weisstein, Eric W.},
    title    = {Hypersphere. \emph{From MathWorld---A Wolfram Web Resource}},
    url      = {\url{http://mathworld.wolfram.com/Hypersphere.html}},
    note     = {Last visited on 12/09/2013},
}

@misc{mathworld_content,
    author   = {Weisstein, Eric W.},
    title    = {Content. \emph{From MathWorld---A Wolfram Web Resource}},
    url      = {\url{http://mathworld.wolfram.com/Content.html}},
    note     = {Last visited on 12/09/2013},
}

@misc{mathworld_pascal,
    author   = {Weisstein, Eric W.},
    title    = {Pascal's Triangle. \emph{From MathWorld---A Wolfram Web Resource}},
    url      = {\url{http://mathworld.wolfram.com/PascalsTriangle.html}},
    note     = {Last visited on 12/09/2013},
}


@MISC{Lovasz03a,
    author = {L\'{a}szl\'{o} Lov\'{a}sz and Santosh Vempala},
    title = {Hit-and-Run is Fast and Fun},
    year = {2003}
}

@MISC{Lovasz05,
    author = {Laszlo Lovasz and Santosh Vempala},
    title = {Hit-and-Run from a Corner},
    year = {2005}
}

@ARTICLE{Lovasz98,
    author = {Laszlo Lovasz},
    title = {Hit-and-Run Mixes Fast},
    journal = {Math. Prog},
    year = {1998},
    volume = {86},
    pages = {443--461}
}

@MISC{Bueler98,
    author = {Benno B\"{u}eler and Andreas Enge and Komei Fukuda},
    title = {Exact Volume Computation for Polytopes: A Practical Study},
    year = {1998}
}

@ARTICLE{Li11,
	author = {S. Li},
	title = {Concise Formulas for the Area and Volume of a Hyperspherical Cap},
	journal = {Asian Journal of Mathematics \& Statistics},
	volume = {4},
	pages = {66--70},
	year = {2011}
}

@article{Fukuda97,
title = "Analysis of backtrack algorithms for listing all vertices and all faces of a convex polyhedron ",
journal = "Computational Geometry ",
volume = "8",
number = "1",
pages = "1 - 12",
year = "1997",
note = "",
issn = "0925-7721",
doi = "http://dx.doi.org/10.1016/0925-7721(95)00049-6",
url = "http://www.sciencedirect.com/science/article/pii/0925772195000496",
author = "Komei Fukuda and Thomas M. Liebling and François Margot"
}

@article{McMullen70,
author = {McMullen,P.},
title = {The maximum numbers of faces of a convex polytope},
journal = {Mathematika},
volume = {17},
issue = {02},
month = {12},
year = {1970},
issn = {2041-7942},
pages = {179--184},
numpages = {6},
doi = {10.1112/S0025579300002850},
URL = {http://journals.cambridge.org/article_S0025579300002850},
}

@InCollection{Klee72,
  author    = {V. Klee and G. J. Minty},
  title     = {{How Good is the Simplex Algorithm?}},
  booktitle = {{Inequalities III}},
  year      = {1972},
  pages     = {159--175},
  editor    = {O. Shisha},
  publisher = {{Academic Press Inc.}},
  address   = {New York},
}

@article{Dixon06,
  title={Ripley's K function},
  author={Dixon, Philip M},
  journal={Encyclopedia of environmetrics},
  year={2006},
  publisher={Wiley Online Library}
}

@article{Buchta85,
year={1985},
issn={0025-5831},
journal={Mathematische Annalen},
volume={271},
number={2},
doi={10.1007/BF01455988},
title={Stochastical approximation of convex bodies},
url={http://dx.doi.org/10.1007/BF01455988},
publisher={Springer-Verlag},
author={Buchta, C. and Müller, J. and Tichy, R.F.},
pages={225-235},
language={English}
}

@article{Pardalos91,
year={1991},
issn={0925-5001},
journal={Journal of Global Optimization},
volume={1},
number={1},
doi={10.1007/BF00120662},
title={Quadratic programming with one negative eigenvalue is NP-hard},
url={http://dx.doi.org/10.1007/BF00120662},
publisher={Kluwer Academic Publishers},
keywords={Global optimization; quadratic programming; NP-hard},
author={Pardalos, PanosM. and Vavasis, StephenA.},
pages={15-22},
language={English}
}

@article{Matsumoto98,
 author = {Matsumoto, Makoto and Nishimura, Takuji},
 title = {Mersenne twister: a 623-dimensionally equidistributed uniform pseudo-random number generator},
 journal = {ACM Trans. Model. Comput. Simul.},
 issue_date = {Jan. 1998},
 volume = {8},
 number = {1},
 month = jan,
 year = {1998},
 issn = {1049-3301},
 pages = {3--30},
 numpages = {28},
 url = {http://doi.acm.org/10.1145/272991.272995},
 doi = {10.1145/272991.272995},
 acmid = {272995},
 publisher = {ACM},
 address = {New York, NY, USA},
 keywords = {k-distribution, m-sequences, GFSR, MT19937, Mersenne primes, Mersenne twister, TGFSR, finite fields, incomplete array, inversive-decimation method, multiple-recursive matrix method, primitive polynomials, random number generation, tempering},
} 

@article{Marsaglia00,
  author =	"George Marsaglia and Wai Wan Tsang",
  title =	"The Ziggurat Method for Generating Random Variables",
  journal =	"Journal of Statistical Software",
  volume =	"5",
  number =	"8",
  pages =	"1--7",
  day =  	"2",
  month =	"10",
  year = 	"2000",
  CODEN =	"JSSOBK",
  ISSN = 	"1548-7660",
  bibdate =	"2000-10-02",
  URL =  	"http://www.jstatsoft.org/v05/i08",
  accepted =	"2000-10-02",
  acknowledgement = "",
  keywords =	"",
  submitted =	"2000-04-15",
}

@MISC{Burkardt07,
    author = {John Burkardt},
    title = {A {C} {API} for the Ziggurat Random Number Generator},
    url = {\url{http://people.sc.fsu.edu/~jburkardt/c_src/ziggurat/ziggurat.html}},
    note = {Last visited on 16/09/2013}
}